@misc{Massari_ethord_ETH_Board_2025,
  title = {Ethord: {{ETH}} Board Open Research Data ({{ORD}}) Program Project Metadata and Report Data},
  author = {Massari, Nicolo and Sch{\"o}bitz, Lars and Tilley, Elizabeth},
  year = {2025},
  month = may,
  doi = {10.5281/zenodo.15554776},
  copyright = {CC-BY-4.0}
}
