@misc{swiss_ogd_strategy_2019,
  title={Open Government Data Strategy Switzerland 2019-2023},
  author={{Swiss Federal Council}},
  year={2019},
  url={https://www.admin.ch/gov/en/start/documentation/media-releases.msg-id-74641.html},
  note={Federal framework establishing open by default principle}
}

@legislation{embag_2024,
  title={Federal Act on the Use of Electronic Means for the Fulfilment of Government Tasks (EMBAG)},
  author={{Swiss Federal Assembly}},
  year={2024},
  url={https://www.fedlex.admin.ch/eli/cc/2023/682/en},
  note={Article 10 mandates OGD publication by default}
}

@misc{ogd_masterplan_2024,
  title={Open Government Data Masterplan 2024-2027},
  author={{Federal Statistical Office}},
  year={2024},
  url={https://www.bfs.admin.ch/bfs/en/home/services/ogd.html},
  note={Implementation roadmap for federal OGD policy}
}

@misc{zurich_canton_ogd,
  title={Open Government Data Canton Zurich},
  author={{Statistical Office Canton Zurich}},
  year={2024},
  url={https://www.zh.ch/de/politik-staat/statistik-daten/ogd.html},
  note={Cantonal OGD implementation framework}
}

@legislation{zurich_city_ogd_2021,
  title={Stadtratsbeschluss 741/2021: Open by Default Policy},
  author={{City Council Zurich}},
  year={2021},
  url={https://www.stadt-zuerich.ch/portal/de/index/ogd.html},
  note={Municipal OGD regulation effective September 2021}
}

@misc{zurich_city_strategy_2030,
  title={OGD Strategy 2030 City of Zurich},
  author={{City of Zurich}},
  year={2023},
  url={https://www.stadt-zuerich.ch/portal/de/index/ogd/strategie.html},
  note={Long-term municipal open data vision}
}

@software{fso_lomas,
  title={Lomas: Privacy-preserving data analysis platform},
  author={{Federal Statistical Office}},
  year={2024},
  url={https://github.com/dscc-admin-ch/lomas},
  note={Open source differential privacy implementation}
}

@misc{fso_github_practices,
  title={Data Science Competence Center GitHub Organization},
  author={{Federal Statistical Office}},
  year={2024},
  url={https://github.com/dscc-admin-ch},
  note={Exemplary open code practices for government}
}

@misc{eth_ord_strategy,
  title={Open Research Data Strategy and Action Plan ETH Domain},
  author={{ETH Domain}},
  year={2020},
  url={https://ethrat.ch/wp-content/uploads/2021/02/ETH-Bereich_ORD_Strategie_Aktionsplan_2021-2024_DE.pdf},
  note={CHF 15 million investment framework 2022-2024}
}

@misc{eth_ord_portal,
  title={Open Research Data Portal ETH Domain},
  author={{ETH Domain}},
  year={2024},
  url={https://open-research-data-portal.ch/},
  note={Public interface for Measure 1 funded projects}
}

@Misc{massari_2025,
    title = {ethord: ETH Board Open Research Data (ORD) Program Project Metadata and Report Data},
    author = {Nicolo Massari and Lars Sch√∂bitz and Elizabeth Tilley},
    year = {2025},
    doi = {10.5281/zenodo.16563064},
    url = {https://github.com/Global-Health-Engineering/ethord},
    abstract = {This data package contains metadata and report data from 96 research projects funded by the joint Open Research Data (ORD) program of ETH Zurich, EPFL, and the four research institutes of the ETH Domain. The package includes project-level metadata, such as project titles, descriptions, and categorizations (Establish, Explore, Contribute), as well as data extracted from reports submitted by each project, providing insights into the projects' objectives, methods, outcomes, and impacts.},
    version = {0.0.3},
}


@misc{dcat_ap_ch,
  title={DCAT Application Profile for data portals in Switzerland (DCAT-AP CH)},
  author={{Federal Statistical Office}},
  year={2023},
  url={https://www.dcat-ap.ch/},
  note={Swiss metadata standard for government data catalogs}
}

@misc{opendata_swiss,
  title={opendata.swiss: Swiss Open Government Data Portal},
  author={{Federal Statistical Office}},
  year={2024},
  url={https://opendata.swiss/},
  note={Central catalog for Swiss government open data}
}

@misc{swiss_oss_guidelines,
  title={Guidelines for Open Source Software in the Federal Administration},
  author={{Federal Chancellery}},
  year={2023},
  url={https://www.bk.admin.ch/bk/en/home/digitale-transformation-ikt-lenkung/oss.html},
  note={Implementation framework for EMBAG Article 9}
}

@misc{fair_principles,
  title={The FAIR Guiding Principles for scientific data management and stewardship},
  author={Wilkinson, Mark D and others},
  year={2016},
  journal={Scientific Data},
  volume={3},
  pages={160018},
  doi={10.1038/sdata.2016.18},
  note={Foundational framework for research data management}
}
