
@article{greene2021,
	title = {The role of emptying services in provision of safely managed sanitation: A classification and quantification of the needs of LMICs},
	author = {Greene, Nicola and Hennessy, Sarah and Rogers, Tate W. and Tsai, Jocelyn and de los Reyes III, Francis L.},
	year = {2021},
	month = {07},
	date = {2021-07},
	journal = {Journal of Environmental Management},
	pages = {112612},
	volume = {290},
	doi = {10.1016/j.jenvman.2021.112612},
	url = {http://dx.doi.org/10.1016/j.jenvman.2021.112612},
	langid = {en}
}

@article{soeters2021treatment,
  title={Treatment technologies in practice: on-the-ground experiences of faecal sludge and wastewater treatment},
  author={Soeters, S and Mukheibir, P and Willetts, J},
  year={2021},
  publisher={SNV Netherlands Development Organisation}
}

@article{wilkinson2016,
	title = {The FAIR Guiding Principles for scientific data management and stewardship},
	author = {Wilkinson, Mark D. and Dumontier, Michel and Aalbersberg, IJsbrand Jan and Appleton, Gabrielle and Axton, Myles and Baak, Arie and Blomberg, Niklas and Boiten, Jan-Willem and da Silva Santos, Luiz Bonino and Bourne, Philip E. and Bouwman, Jildau and Brookes, Anthony J. and Clark, Tim and Crosas, {Merc√®} and Dillo, Ingrid and Dumon, Olivier and Edmunds, Scott and Evelo, Chris T. and Finkers, Richard and Gonzalez-Beltran, Alejandra and Gray, Alasdair J.G. and Groth, Paul and Goble, Carole and Grethe, Jeffrey S. and Heringa, Jaap and {{\textquoteright}t Hoen}, Peter A.C and Hooft, Rob and Kuhn, Tobias and Kok, Ruben and Kok, Joost and Lusher, Scott J. and Martone, Maryann E. and Mons, Albert and Packer, Abel L. and Persson, Bengt and Rocca-Serra, Philippe and Roos, Marco and van Schaik, Rene and Sansone, Susanna-Assunta and Schultes, Erik and Sengstag, Thierry and Slater, Ted and Strawn, George and Swertz, Morris A. and Thompson, Mark and van der Lei, Johan and van Mulligen, Erik and Velterop, Jan and Waagmeester, Andra and Wittenburg, Peter and Wolstencroft, Katherine and Zhao, Jun and Mons, Barend},
	year = {2016},
	month = {03},
	date = {2016-03-15},
	journal = {Scientific Data},
	volume = {3},
	number = {1},
	doi = {10.1038/sdata.2016.18},
	url = {http://dx.doi.org/10.1038/sdata.2016.18},
	langid = {en}
}